@preamble{ "\newcommand{\noopsort}[1]{} "
	# "\newcommand{\printfirst}[2]{#1} "
	# "\newcommand{\singleletter}[1]{#1} "
	# "\newcommand{\switchargs}[2]{#2#1} " }


@article{hauser:mcr,
   author = {K. Hauser},
   title = {The minimum constraint removal problem with three robotics applications},
   journal = {The International Journal of Robotics Research},
   year = 2013
}

@book{lavalle:planning,
   author = {S.M. Lavalle},
   title = {Planning Algorithms},
   year = 2006,
   publisher = {Cambridge University Press}
}

@INPROCEEDINGS{lavalle:birrt,
    author = {J.J. Kuffner and S.M. Lavalle},
    title = {RRT-Connect: An efficient approach to single-query path planning},
    booktitle = { Proc. IEEE Int'l Conf. on Robotics and Automation},
    year = {2000},
    pages = {995--1001},
    publisher = {}
}

@misc{lavalle:rrt,
    author = {S.M. LaValle and J.J. Kuffner},
    title = {Rapidly-Exploring Random Trees: Progress and Prospects},
    year = {2000}
}


@INPROCEEDINGS{kavraki:prm,
    author = {L. Kavraki and P. Svestka and J. Latombe and M. Overmars},
    title = {Probabilistic Roadmaps for Path Planning in High-Dimensional Configuration Spaces},
    booktitle = {IEEE INTERNATIONAL CONFERENCE ON ROBOTICS AND AUTOMATION},
    year = {1996},
    pages = {566--580},
    publisher = {}
}